<record><leader>00000cas a22000007a 4500</leader><controlfield tag="001">9837933</controlfield><controlfield tag="008">830823d18731875riuwr ne      0    0fre d</controlfield><datafield ind1=" " ind2=" " tag="010"><subfield code="a">sn 83021135 </subfield></datafield><datafield ind1=" " ind2=" " tag="040"><subfield code="a">NPX</subfield><subfield code="b">eng</subfield><subfield code="c">NPX</subfield><subfield code="d">NSD</subfield><subfield code="d">OCLCQ</subfield></datafield><datafield ind1=" " ind2=" " tag="042"><subfield code="a">msc</subfield></datafield><datafield ind1="0" ind2="0" tag="245"><subfield code="a">Courrier du Rhode-Island :</subfield><subfield code="b">organe des populations de langue franc&#807;aise.</subfield></datafield><datafield ind1=" " ind2=" " tag="260"><subfield code="a">Woonsocket, R.I. :</subfield><subfield code="b">Gagnon &amp; Houde</subfield></datafield><datafield ind1=" " ind2=" " tag="300"><subfield code="a">v. ;</subfield><subfield code="c">45 cm.</subfield></datafield><datafield ind1=" " ind2=" " tag="310"><subfield code="a">Weekly</subfield></datafield><datafield ind1="1" ind2=" " tag="362"><subfield code="a">Began with Aug. 18, 1873 issue; ceased in 1875.</subfield><subfield code="z">Cf. Willging &amp; Hatzfeld. Catholic serials of the 19th cent. (pt. 10).</subfield></datafield><datafield ind1=" " ind2=" " tag="500"><subfield code="a">Editors: F. Gagnon &amp; F. Houde.</subfield></datafield><datafield ind1=" " ind2=" " tag="546"><subfield code="a">In French.</subfield></datafield><datafield ind1=" " ind2=" " tag="588"><subfield code="a">Description based on: Vol. 2, no. 11 (18 mars 1874).</subfield></datafield><datafield ind1="1" ind2=" " tag="700"><subfield code="a">Houde, Fre&#769;de&#769;ric,</subfield><subfield code="d">1847-1884.</subfield></datafield><datafield ind1="1" ind2=" " tag="700"><subfield code="a">Gagnon, Ferdinand,</subfield><subfield code="d">1849-1886.</subfield></datafield><datafield ind1=" " ind2=" " tag="752"><subfield code="a">United States</subfield><subfield code="b">Rhode Island</subfield><subfield code="c">Providence</subfield><subfield code="d">Woonsocket.</subfield></datafield><datafield ind1="0" ind2=" " tag="775"><subfield code="t">Foyer canadien (Worcester, Mass.)</subfield><subfield code="x">1052-6005</subfield><subfield code="w">(DLC)sn 83021047</subfield></datafield><datafield ind1="1" ind2=" " tag="029"><subfield code="a">AU@</subfield><subfield code="b">000025801341</subfield></datafield></record>